@inproceedings{peterson1993rollback,
	title={Rollback based on vector time},
	author={Peterson, Sandy L and Kearns, Phil},
	booktitle={Proceedings of 1993 IEEE 12th Symposium on Reliable Distributed Systems},
	pages={68--77},
	year={1993},
	organization={IEEE}
}
@phdthesis{van2023optimistic,
	title={Optimistic Recovery Protocol for Concurrent Failures},
	author={van Ek, Casper},
	year={2023},
	school={Universiteit van Amsterdam}
}
@article{garcia1987sagas,
	title={Sagas},
	author={Garcia-Molina, Hector and Salem, Kenneth},
	journal={ACM Sigmod Record},
	volume={16},
	number={3},
	pages={249--259},
	year={1987},
	publisher={ACM New York, NY, USA}
}
@book{bernstein2009principles,
	title={Principles of transaction processing},
	author={Bernstein, Philip A and Newcomer, Eric},
	year={2009},
	publisher={Morgan Kaufmann}
}
@article{koo1987checkpointing,
	title={Checkpointing and rollback-recovery for distributed systems},
	author={Koo, Richard and Toueg, Sam},
	journal={IEEE Transactions on software Engineering},
	number={1},
	pages={23--31},
	year={1987},
	publisher={IEEE}
}
